@inproceedings{rigger2018analysis,
  title={An analysis of x86-64 inline assembly in C programs},
  author={Rigger, Manuel and Marr, Stefan and Kell, Stephen and Leopoldseder, David and M{\"o}ssenb{\"o}ck, Hanspeter},
  booktitle={Proceedings of the 14th ACM SIGPLAN/SIGOPS International Conference on Virtual Execution Environments},
  pages={84--99},
  year={2018}
}
@inproceedings{heule2016stratified,
	title={Stratified synthesis: automatically learning the x86-64 instruction set},
	author={Heule, Stefan and Schkufza, Eric and Sharma, Rahul and Aiken, Alex},
	booktitle={Proceedings of the 37th ACM SIGPLAN Conference on Programming Language Design and Implementation},
	pages={237--250},
	year={2016}
}
@inproceedings{chen2002setuid,
  title={Setuid Demystified.},
  author={Chen, Hao and Wagner, David A and Dean, Drew},
  booktitle={USENIX Security Symposium},
  pages={171--190},
  year={2002}
}
@inproceedings{recoules2019get,
  title={Get rid of inline assembly through verification-oriented lifting},
  author={Recoules, Fr{\'e}d{\'e}ric and Bardin, S{\'e}bastien and Bonichon, Richard and Mounier, Laurent and Potet, Marie-Laure},
  booktitle={2019 34th IEEE/ACM International Conference on Automated Software Engineering (ASE)},
  pages={577--589},
  year={2019},
  organization={IEEE}
}